@INPROCEEDINGS{4426357,
  author={Prasantha, H.S. and Shashidhara, H.L. and Balasubramanya Murthy, K.N.},
  booktitle={International Conference on Computational Intelligence and Multimedia Applications (ICCIMA 2007)},
  title={Image Compression Using SVD},
  year={2007},
  volume={3},
  number={},
  pages={143-145},
  keywords={Image coding},
  doi={10.1109/ICCIMA.2007.386}}

@article{imcprichdavad,
author = {Richards, David and Abrahamsen, Adam},
year = {2001},
month = {01},
pages = {},
title = {Image Compression using Singular Value Decomposition}
}
